@article{miller2017sprites,
  title={Sprites: Payment channels that go faster than lightning},
  author={Miller, Andrew and Bentov, Iddo and Kumaresan, Ranjit and Bakshi, Suryai and McCorry, Patrick},
  journal={CoRR abs/1702.05812},
  year={2017}
}

@techreport{dziembowski2017perun,
	title={Perun: Virtual payment channels over cryptographic currencies},
	author={Dziembowski, Stefan and Eckey, Lisa and Faust, Sebastian and Malinowski, Daniel},
	year={2017},
	institution={IACR Cryptology ePrint Archive, 2017: 635}
}

@techreport{celernetwork,
	title={Celer Network: Bring Internet Scale to Every Blockchain},
	author={ScaleSphere Foundation Ltd. (“Foundation”)},
note = {Accessed 10/01/2019, https://www.celer.network/doc/CelerNetwork-Whitepaper.pdf}
}

@inproceedings{decker2015fast,
	title={A fast and scalable payment network with bitcoin duplex micropayment channels},
	author={Decker, Christian and Wattenhofer, Roger},
	booktitle={Symposium on Self-Stabilizing Systems},
	pages={3--18},
	year={2015},
	organization={Springer}
}

@article{burchert2018scalable,
	title={Scalable funding of Bitcoin micropayment channel networks},
	author={Burchert, Conrad and Decker, Christian and Wattenhofer, Roger},
	journal={Royal Society Open Science},
	volume={5},
	number={8},
	pages={180089},
	year={2018},
	publisher={The Royal Society}
}

@article{poon2016bitcoin,
	title={The bitcoin lightning network: Scalable off-chain instant payments},
	author={Poon, Joseph and Dryja, Thaddeus},
	journal={Draft version 0.5},
	volume={9},
	pages={14},
	year={2016}
}

@article{spilman2013,
	title={[Bitcoin-development] Anti DoS for tx replacement},
	author={Jeremy Spilman},
	note = {Accessed 08/09/2018, https://lists.linuxfoundation.org/pipermail/bitcoin-dev/2013-April/002433.html}
}


@article{efscaling3,
	title={Ethereum Foundation Grants Update - Wave III},
	author={Ethereum Foundation},
	note = {Accessed 08/09/2018, https://blog.ethereum.org/2018/08/17/ethereum-foundation-grants-update-wave-3/}
}

@article{efscaling2,
	title={Announcing May 2018 Cohort of EF Grants},
	author={Ethereum Foundation},
	note = {Accessed 08/09/2018, https://blog.ethereum.org/2018/05/02/announcing-may-2018-cohort-ef-grants/}
}

@article{efscaling1,
	title={Announcing Beneficiaries of the Ethereum Foundation Grants},
	author={Ethereum Foundation},
	note = {Accessed 08/09/2018, https://blog.ethereum.org/2018/03/07/announcing-beneficiaries-ethereum-foundation-grants/}
}

@article{ecfscaling,
	title={Meet the Grantees ECF Class of 2018 Part II},
	author={Ethereum Community Fund},
	note = {Accessed 08/09/2018, https://medium.com/ecf-review/meet-the-grantees-ecf-class-of-2018-part-ii-ff46a284a0b1}
}
@article{etherscan,
	title={Ethereum Gas Price},
	author={Etherscan},
	note = {Accessed 08/09/2018, https://etherscan.io/chart/gasprice}
}
\\
@article{battleshipdata,
	title={Battleship},
	author={DataGenetics},
	note = {Accessed 08/09/2018, http://www.datagenetics.com/blog/december32011/}
}




@article{funfair,
	title={22 June 2017 Token Event},
	author={FunFair},
	note = {Accessed 08/09/2018, https://funfair.io/token-event/}
}

@article{raidenICO,
	title={Raiden Network},
	author={ICOMarks},
	note = {Accessed 08/09/2018, https://icomarks.com/ico/raiden-network}
}

@article{raidenCode,
	title={Raiden Network},
	author={Raiden},
	note = {Accessed 08/09/2018, https://github.com/raiden-network/raiden-contracts/blob/d3c30e6d081ac3ed8fbf3f16381889baa3963ea7/raiden\_contracts/contracts/TokenNetwork.sol}
}

@article{optimisticcontracts,
	title={Optimistic Contracts},
	author={Dean Eigenmann},
	note = {Accessed 10/01/2019, https://medium.com/@decanus/optimistic-contracts-fb75efa7ca84}
}


@article{sidechainrsk,
	title={First Bitcoin Smart Contracts Sidechain Now Secured By 1 in 10 Miners},
	author={Alyssa Hertig},
	note = {Accessed 08/09/2018, https://www.coindesk.com/first-bitcoin-smart-contracts-sidechain-now-secured-1-10-miners/}
}


@article{mccorry2018pisa,
	title={Pisa: Arbitration Outsourcing for State Channels.},
	author={McCorry, Patrick and Bakshi, Surya and Bentov, Iddo and Miller, Andrew and Meiklejohn, Sarah},
	journal={IACR Cryptology ePrint Archive},
	volume={2018},
	pages={582},
	year={2018}
}

@article{lind2016teechan,
	title={Teechan: Payment channels using trusted execution environments},
	author={Lind, Joshua and Eyal, Ittay and Pietzuch, Peter and Sirer, Emin G{\"u}n},
	journal={arXiv preprint arXiv:1612.07766},
	year={2016}
}

@misc{statechannelnetworks,
	author = {Stefan Dziembowski and Sebastian Faust and Kristina Hostáková},
	title = {General State Channel Networks},
	howpublished = {Cryptology ePrint Archive, Report 2018/320},
	year = {2018},
	note = {\url{https://eprint.iacr.org/2018/320}},
}

@misc{counterfactual,
	author = {Jeff Coleman, Liam Horne, and Li Xuanji},
	title = {Counterfactual: Generalized State Channels},
	year = {2018},
	note = {\url{https://l4.ventures/papers/statechannels.pdf}},
}

@misc{magmo,
	author = {Tom Close and Andrew Stewart},
	title = {Force-Move Games},
	year = {2018},
	note = {\url{https://magmo.com/force-move-games.pdf}},
}


@article{bano2017consensus,
	title={Consensus in the age of blockchains},
	author={Bano, Shehar and Sonnino, Alberto and Al-Bassam, Mustafa and Azouvi, Sarah and McCorry, Patrick and Meiklejohn, Sarah and Danezis, George},
	journal={arXiv preprint arXiv:1711.03936},
	year={2017}
}

@article{battleship,
	title={You sank my battleship! A case study to evaluate state channels as a scaling solution for cryptocurrencies},
	author={McCorry, Patrick and Buckland, Chris and Bakshi, Surya and W{\"u}st, Karl and Miller, Andrew}
	year = {2018}
	note = {\url{https://nms.kcl.ac.uk/patrick.mccorry/battleship.pdf}},
}

@article{sompolinsky2016spectre,
	title={SPECTRE: A Fast and Scalable Cryptocurrency Protocol.},
	author={Sompolinsky, Yonatan and Lewenberg, Yoad and Zohar, Aviv},
	journal={IACR Cryptology ePrint Archive},
	volume={2016},
	pages={1159},
	year={2016}
}

@article{al2017chainspace,
	title={Chainspace: A sharded smart contracts platform},
	author={Al-Bassam, Mustafa and Sonnino, Alberto and Bano, Shehar and Hrycyszyn, Dave and Danezis, George},
	journal={arXiv preprint arXiv:1708.03778},
	year={2017}
}

@inproceedings{kokoris2018omniledger,
	title={Omniledger: A secure, scale-out, decentralized ledger via sharding},
	author={Kokoris-Kogias, Eleftherios and Jovanovic, Philipp and Gasser, Linus and Gailly, Nicolas and Syta, Ewa and Ford, Bryan},
	booktitle={2018 IEEE Symposium on Security and Privacy (SP)},
	pages={583--598},
	year={2018},
	organization={IEEE}
}

@inproceedings{eyal2016bitcoin,
	title={Bitcoin-NG: A Scalable Blockchain Protocol.},
	author={Eyal, Ittay and Gencer, Adem Efe and Sirer, Emin G{\"u}n and Van Renesse, Robbert},
	booktitle={NSDI},
	pages={45--59},
	year={2016}
}

@inproceedings{sompolinsky2015secure,
	title={Secure high-rate transaction processing in bitcoin},
	author={Sompolinsky, Yonatan and Zohar, Aviv},
	booktitle={International Conference on Financial Cryptography and Data Security},
	pages={507--527},
	year={2015},
	organization={Springer}
}

@incollection{mccorry2017atomically,
	title={Atomically trading with roger: Gambling on the success of a hardfork},
	author={McCorry, Patrick and Heilman, Ethan and Miller, Andrew},
	booktitle={Data Privacy Management, Cryptocurrencies and Blockchain Technology},
	pages={334--353},
	year={2017},
	publisher={Springer}
}

@inproceedings{gervais2016security,
	title={On the security and performance of proof of work blockchains},
	author={Gervais, Arthur and Karame, Ghassan O and W{\"u}st, Karl and Glykantzis, Vasileios and Ritzdorf, Hubert and Capkun, Srdjan},
	booktitle={Proceedings of the 2016 ACM SIGSAC Conference on Computer and Communications Security},
	pages={3--16},
	year={2016},
	organization={ACM}
}

@article{khalilnocust,
	title={NOCUST--A Non-Custodial 2 nd-Layer Financial Intermediary},
	author={Khalil, Rami and Gervais, Arthur}
}

@article{poon2017plasma,
	title={Plasma: Scalable autonomous smart contracts},
	author={Poon, Joseph and Buterin, Vitalik},
	journal={White paper},
	year={2017}
}

@article{back2014enabling,
	title={Enabling blockchain innovations with pegged sidechains},
	author={Back, Adam and Corallo, Matt and Dashjr, Luke and Friedenbach, Mark and Maxwell, Gregory and Miller, Andrew and Poelstra, Andrew and Tim{\'o}n, Jorge and Wuille, Pieter},
	journal={URL: http://www. opensciencereview. com/papers/123/enablingblockchain-innovations-with-pegged-sidechains},
	year={2014}
}

@article{dilley2016strong,
	title={Strong Federations: An Interoperable Blockchain Solution to Centralized Third-Party Risks},
	author={Dilley, Johnny and Poelstra, Andrew and Wilkins, Jonathan and Piekarska, Marta and Gorlick, Ben and Friedenbach, Mark},
	journal={arXiv preprint arXiv:1612.05491},
	year={2016}
}

@inproceedings{croman2016scaling,
	title={On scaling decentralized blockchains},
	author={Croman, Kyle and Decker, Christian and Eyal, Ittay and Gencer, Adem Efe and Juels, Ari and Kosba, Ahmed and Miller, Andrew and Saxena, Prateek and Shi, Elaine and Sirer, Emin G{\"u}n and others},
	booktitle={International Conference on Financial Cryptography and Data Security},
	pages={106--125},
	year={2016},
	organization={Springer}
}

@inproceedings{luu2016secure,
	title={A secure sharding protocol for open blockchains},
	author={Luu, Loi and Narayanan, Viswesh and Zheng, Chaodong and Baweja, Kunal and Gilbert, Seth and Saxena, Prateek},
	booktitle={Proceedings of the 2016 ACM SIGSAC Conference on Computer and Communications Security},
	pages={17--30},
	year={2016},
	organization={ACM}
}